@misc{uci-thesis-latex,
  title = {{LaTeX template for thesis and dissertation documents at UC Irvine}},
  author = {Otten, Lars},
  year = 2012,
  howpublished = {\url{https://github.com/lotten/uci-thesis-latex/}}
}
  
@misc{dMdB20,
  title = {{THE COMPLETED SDSS-IV EXTENDED BARYON OSCILLATION SPECTROSCOPIC SURVEY: BARYON ACOUSTIC OSCILLATIONS WITH LYMAN-Î± FORESTS}},
  author = {du Mas des Bourboux, Helion, et. al.},
  year = 2020,
  howpublished = {\url{https://github.com/lotten/uci-thesis-latex/}}
}
